@book{mitchell1997,
title = "Machine Learning",
author = "Mitchell, Tom M.",
year = 1997,
publisher = "McGraw-Hill Education"
}
@book{oreillyML,
title = "Programming Collective Intelligence: Building Smart Web 2.0 Applications",
author = "Segaran, Toby",
year = 2007,
publisher = "O'Reilly Media"
}
